<record><leader>00000cas a2200000 a 4500</leader><controlfield tag="001">51318835</controlfield><controlfield tag="008">030107d19921998ilucr ne      0   a0eng c</controlfield><datafield ind1=" " ind2=" " tag="010"><subfield code="a">sn2002060901</subfield></datafield><datafield ind1=" " ind2=" " tag="040"><subfield code="a">CVF</subfield><subfield code="b">eng</subfield><subfield code="c">CVF</subfield><subfield code="d">OCLCQ</subfield><subfield code="d">OCLCF</subfield><subfield code="d">OCLCO</subfield><subfield code="d">NVF</subfield></datafield><datafield ind1=" " ind2=" " tag="042"><subfield code="a">pcc</subfield></datafield><datafield ind1=" " ind2=" " tag="043"><subfield code="a">n-us-il</subfield></datafield><datafield ind1="0" ind2="4" tag="245"><subfield code="a">The Romeoville sun.</subfield></datafield><datafield ind1=" " ind2=" " tag="260"><subfield code="a">Naperville, Ill. :</subfield><subfield code="b">Sun Publications,</subfield><subfield code="c">1992-1998.</subfield></datafield><datafield ind1=" " ind2=" " tag="300"><subfield code="a">volumes</subfield></datafield><datafield ind1=" " ind2=" " tag="310"><subfield code="a">Semiweekly,</subfield><subfield code="b">&lt;July 5, 1995&gt;-Mar. 20, 1998</subfield></datafield><datafield ind1=" " ind2=" " tag="321"><subfield code="a">Weekly,</subfield><subfield code="b">Apr. 8, 1992-&lt;Dec. 28, 1994&gt;</subfield></datafield><datafield ind1="0" ind2=" " tag="362"><subfield code="a">Vol. 31, no. 15 (Apr. 8, 1992)-v. 35, no. 15 (Mar. 20, 1998).</subfield></datafield><datafield ind1=" " ind2="0" tag="651"><subfield code="a">Romeoville (Ill.)</subfield><subfield code="v">Newspapers.</subfield></datafield><datafield ind1=" " ind2="7" tag="651"><subfield code="a">Illinois</subfield><subfield code="z">Romeoville.</subfield><subfield code="2">fast</subfield><subfield code="0">(OCoLC)fst01232802</subfield></datafield><datafield ind1=" " ind2="7" tag="655"><subfield code="a">Newspapers.</subfield><subfield code="2">fast</subfield><subfield code="0">(OCoLC)fst01423814</subfield></datafield><datafield ind1=" " ind2=" " tag="752"><subfield code="a">United States</subfield><subfield code="b">Illinois</subfield><subfield code="c">DuPage County</subfield><subfield code="d">Naperville.</subfield></datafield><datafield ind1="0" ind2="0" tag="780"><subfield code="t">Sun (Bolingbrook, Ill. : Romeoville ed.)</subfield><subfield code="w">(DLC)sn 85009105</subfield><subfield code="w">(OCoLC)12680626</subfield></datafield><datafield ind1="0" ind2="0" tag="785"><subfield code="t">Sun (Plainfield, Ill. : Bolingbrook Romeoville ed.)</subfield><subfield code="w">(DLC)sn2003060701</subfield><subfield code="w">(OCoLC)51318990</subfield></datafield><datafield ind1="1" ind2=" " tag="029"><subfield code="a">AU@</subfield><subfield code="b">000024353011</subfield></datafield></record>